@misc{delahaye2016memoire,
  author = {Delahaye, Jérôme},
  title = {Verres de spin et calcul adiabatique
quantique},
  year = {2016},
  howpublished = {\url{https://www.ceremade.dauphine.fr/~vigeral/Memoire2016Delahaye.pdf}}
}

@misc{mitocw2023,
  author = {MIT OpenCourseWare},
  title = {L16.1 Quantum adiabatic theorem stated},
  year = {2019},
  howpublished = {\url{https://www.youtube.com/watch?v=pgEFvhkEp-c&t=1s&ab_channel=MITOpenCourseWare}}
}

@misc{wiki2023hamiltonian,
  title = {Opérateur Hamiltonien},
  year = {2023},
  howpublished = {\url{https://fr.wikipedia.org/wiki/Opérateur_hamiltonien}}
}

@misc{wiki2023adiabatictheorem,
  title = {Théorème Adiabatique},
  year = {2023},
  howpublished = {\url{https://fr.wikipedia.org/wiki/Théorème_adiabatique}}
}

@misc{frenchweb2023quantumcomputing,
  title = {Comprendre l'informatique quantique adiabatique},
  year = {2018},
  howpublished = {\url{https://www.frenchweb.fr/comprendre-linformatique-quantique-adiabatique/335616}}
}

@misc{wiki2023adiabaticquantumcomputing,
  title = {Calcul Quantique Adiabatique},
  year = {2023},
  howpublished = {\url{https://fr.wikipedia.org/wiki/Calcul_quantique_adiabatique}}
}

@misc{wikipedia2023schrodinger,
  title = {Équation de Schrödinger},
  year = {2023},
  howpublished = {\url{https://fr.wikipedia.org/wiki/Équation_de_Schrödinger}},
}


@article{arxiv2018quantum,
  author = {Tien D. Kieu},
  title = {The Travelling Salesman Problem and Adiabatic Quantum Computation: An Algorithm},
  year = {2018},
  journal = {arXiv},
  volume = {1801.07859},
  url = {https://arxiv.org/abs/1801.07859}
}